@inproceedings{dong2017learning,
  title={Learning to Read Chest X-Ray Images from 16000+ Examples Using CNN},
  author={Dong, Yuxi and Pan, Yuchao and Zhang, Jun and Xu, Wei},
  booktitle={Connected Health: Applications, Systems and Engineering Technologies (CHASE), 2017 IEEE/ACM International Conference on},
  pages={51--57},
  year={2017},
  organization={IEEE}
}