
@article{esteva2017dermatologist,
	title={Dermatologist-level classification of skin cancer with deep neural networks},
	author={Esteva, Andre and Kuprel, Brett and Novoa, Roberto A and Ko, Justin and Swetter, Susan M and Blau, Helen M and Thrun, Sebastian},
	journal={Nature},
	volume={542},
	number={7639},
	pages={115--118},
	year={2017},
	publisher={Nature Research}
}
@article{shin2016deep,
	title={Deep convolutional neural networks for computer-aided detection: CNN architectures, dataset characteristics and transfer learning},
	author={Shin, Hoo-Chang and Roth, Holger R and Gao, Mingchen and Lu, Le and Xu, Ziyue and Nogues, Isabella and Yao, Jianhua and Mollura, Daniel and Summers, Ronald M},
	journal={IEEE transactions on medical imaging},
	volume={35},
	number={5},
	pages={1285--1298},
	year={2016},
	publisher={IEEE}
}
@inproceedings{dong2017learning,
  title={Learning to Read Chest X-Ray Images from 16000+ Examples Using CNN},
  author={Dong, Yuxi and Pan, Yuchao and Zhang, Jun and Xu, Wei},
  booktitle={Connected Health: Applications, Systems and Engineering Technologies (CHASE), 2017 IEEE/ACM International Conference on},
  pages={51--57},
  year={2017},
  organization={IEEE}
}
